





@article{doi:10.1063/1.1477050,
author = {Marrelec,G.  and Benali,H.  and Ciuciu,P.  and Poline,J.-B. },
title = {Bayesian estimation of the hemodynamic response function in functional MRI},
journal = {AIP Conference Proceedings},
volume = {617},
number = {1},
pages = {229-247},
year = {2002},
doi = {10.1063/1.1477050},

URL = { 
        https://aip.scitation.org/doi/abs/10.1063/1.1477050
    
},
eprint = { 
        https://aip.scitation.org/doi/pdf/10.1063/1.1477050
    
}

}


